@Article{Salop1979,
    author={Steven C. Salop},
    title={{Monopolistic Competition with Outside Goods}},
    journal={Bell Journal of Economics},
    year=1979,
    volume={10},
    number={1},
    pages={141-156},
    month={Spring},
    keywords={},
    doi={},
    url={https://ideas.repec.org/a/rje/bellje/v10y1979ispringp141-156.html}
}

@Article{Chiappori1995,
    author={Chiappori, Pierre-Andre and Perez-Castrillo, David and Verdier, Thierry},
    title={{Spatial competition in the banking system: Localization, cross subsidies and the regulation of deposit rates}},
    journal={European Economic Review},
    year=1995,
    volume={39},
    number={5},
    pages={889-918},
    month={May},
    keywords={},
    doi={},
    url={https://ideas.repec.org/a/eee/eecrev/v39y1995i5p889-918.html}
}