@TechReport{Hausmann2006,
	author={Ricardo Hausmann and Federico Sturzenegger},
	title={{Global imbalances or bad accounting? The missing dark matter in the wealth of nations}},
	year=2006,
	institution={Universidad Torcuato Di Tella},
	type={Business School Working Papers},
	url={http://ideas.repec.org/p/udt/wpbsdt/globalimbal.html},
	number={globalimbal},
	}
@Article{Akerlof1970,
    author={George A. Akerlof},
    title={{The Market for Lemons : Quality Uncertainty and the Market Mechanism}},
    journal={The Quarterly Journal of Economics},
    year=1970,
    volume={84},
    number={3},
    pages={488-500},
    month={},
    keywords={},
    doi={},
    url={https://ideas.repec.org/a/oup/qjecon/v84y1970i3p488-500..html}
}


@TechReport{Leland77,
    author={Hayne E. Leland and David H. Pyle.},
   title={{Informational Asymmetries, Financial Structure, and Financial Intermediation}},
   year=1976,
   month=Nov,
   institution={University of California at Berkeley},
   type={Research Program in Finance Working Papers},
   url={https://ideas.repec.org/p/ucb/calbrf/41.html},
   number={41},
   keywords={},
   doi={},
}

@Article{Diamond1984,
    author={Douglas W. Diamond},
    title={{Financial Intermediation and Delegated Monitoring}},
    journal={Review of Economic Studies},
    year=1984,
    volume={51},
    number={3},
    pages={393-414},
    month={},
    keywords={},
    doi={},
    url={https://ideas.repec.org/a/oup/restud/v51y1984i3p393-414..html}
}

@Article{Grossman1980,
    author={Grossman, Sanford J and Stiglitz, Joseph E},
    title={{On the Impossibility of Informationally Efficient Markets}},
    journal={American Economic Review},
    year=1980,
    volume={70},
    number={3},
    pages={393-408},
    month={June},
    keywords={},
    doi={},
    url={https://ideas.repec.org/a/aea/aecrev/v70y1980i3p393-408.html}
}

@Article{Campbell1980,
    author={ Campbell, Tim S and Kracaw, William A},
    title={{ Information Production, Market Signalling, and the Theory of Financial Intermediation}},
    journal={Journal of Finance},
    year=1980,
    volume={35},
    number={4},
    pages={863-82},
    month={September},
    keywords={},
    doi={},
    url={https://ideas.repec.org/a/bla/jfinan/v35y1980i4p863-82.html}
}

@TechReport{Remark1984,
    author={Ram T. S. Ramakrishnan and Anjan V. Thakor},
    title={{The Valuation of Assets under Moral Hazard}},
    year=2004,
    month=Nov,
    institution={EconWPA},
    type={Finance},
    url={https://ideas.repec.org/p/wpa/wuwpfi/0411032.html},
    number={0411032},
    keywords={},
    doi={},
}
@TechReport{Millon1985,
    author={Marcia H. Millon and Anjan V. Thakor},
    title={{Moral Hazard and Information Sharing: A Model of Financial Information Gathering Agencies}},
    year=2004,
    month=Nov,
    institution={EconWPA},
    type={Finance},
    url={https://ideas.repec.org/p/wpa/wuwpfi/0411024.html},
    number={0411024},
    keywords={},
    doi={},
}

@Article{Prescott1986,
    author={Boyd, John H. and Prescott, Edward C.},
    title={{Financial intermediary-coalitions}},
    journal={Journal of Economic Theory},
    year=1986,
    volume={38},
    number={2},
    pages={211-232},
    month={April},
    keywords={},
    doi={},
    url={https://ideas.repec.org/a/eee/jetheo/v38y1986i2p211-232.html}
}

@Article{Gorton1990,
    author={ Gorton, Gary and Pennacchi, George},
    title={{ Financial Intermediaries and Liquidity Creation}},
    journal={Journal of Finance},
    year=1990,
    volume={45},
    number={1},
    pages={49-71},
    month={March},
    keywords={},
    doi={},
    url={https://ideas.repec.org/a/bla/jfinan/v45y1990i1p49-71.html}
}

    @Book{He1991
    author={{Hellwig, M}},
    editor={Giovannini,Alberto and Mayer,Colin},
    title={{European Financial Integration}},
    publisher={Cambridge University Press},
    year=1992,
    month={December},
     number={9780521428903},
    series={Cambridge Books},
    url={https://ideas.repec.org/b/cup/cbooks/9780521428903.html}
}

@Article{Broecker1990,
    author={Broecker, Thorsten},
    title={{Credit-Worthiness Tests and Interbank Competition}},
    journal={Econometrica},
    year=1990,
    volume={58},
    number={2},
    pages={429-452},
    month={March},
    keywords={},
    doi={},
    url={https://ideas.repec.org/a/ecm/emetrp/v58y1990i2p429-52.html}
}

@TechReport{Tirole1997,
    author={Holmström, Bengt and Tirole, Jean},
    title={{Financial Intermediation, Loanable Funds and the Real Sector}},
    year=1994,
    institution={{Institut d'Économie Industrielle (IDEI), Toulouse}},
    type={IDEI Working Papers},
    url={https://ideas.repec.org/p/ide/wpaper/4564.html},
    number={40},
    keywords={},
    doi={},
}

@Article{James1987,
    author={James, Christopher},
    title={{Some evidence on the uniqueness of bank loans}},
    journal={Journal of Financial Economics},
    year=1987,
    volume={19},
    number={2},
    pages={217-235},
    month={December},
    keywords={},
    doi={},
    url={https://ideas.repec.org/a/eee/jfinec/v19y1987i2p217-235.html}
}
@Article{Diamond1991,
    author={Diamond, Douglas W},
    title={{Monitoring and Reputation: The Choice between Bank Loans and Directly Placed Debt}},
    journal={Journal of Political Economy},
    year=1991,
    volume={99},
    number={4},
    pages={689-721},
    month={August},
    keywords={},
    url={https://ideas.repec.org/a/ucp/jpolec/v99y1991i4p689-721.html}
}

@Article{Freixas2000,
    author={Patrick Bolton and Xavier Freixas},
    title={{Equity, Bonds, and Bank Debt: Capital Structure and Financial Market Equilibrium under Asymmetric Information}},
    journal={Journal of Political Economy},
    year=2000,
    volume={108},
    number={2},
    pages={324-351},
    month={April},
    keywords={},
    doi={},
    url={https://ideas.repec.org/a/ucp/jpolec/v108y2000i2p324-351.html}
}

@TechReport{Tirole1996,
    author={Bengt Holmstrom and Jean Tirole},
    title={{Private and Public Supply of Liquidity}},
    year=1996,
    month=Nov,
    institution={National Bureau of Economic Research, Inc},
    type={NBER Working Papers},
    url={https://ideas.repec.org/p/nbr/nberwo/5817.html},
    number={5817},
    keywords={},
    doi={},
}